<record><leader>00000cas a22000007i 4500</leader><controlfield tag="001">895039763</controlfield><controlfield tag="006">m     o  d        </controlfield><controlfield tag="007">cr |n|000|||||</controlfield><controlfield tag="008">961220d18821883tnuwr neo     0   a0eng  </controlfield><datafield ind1=" " ind2=" " tag="010"><subfield code="a">  2014218845</subfield></datafield><datafield ind1=" " ind2=" " tag="040"><subfield code="a">Nz</subfield><subfield code="b">eng</subfield><subfield code="e">rda</subfield><subfield code="c">Z5A</subfield><subfield code="d">OCLCO</subfield><subfield code="d">DLC</subfield><subfield code="d">OCLCF</subfield></datafield><datafield ind1="0" ind2=" " tag="022"><subfield code="a">2376-6441</subfield><subfield code="2">1</subfield></datafield><datafield ind1="0" ind2=" " tag="029"><subfield code="a">NZ1</subfield><subfield code="b">15700847</subfield></datafield><datafield ind1=" " ind2=" " tag="042"><subfield code="a">msc</subfield><subfield code="a">nsdp</subfield></datafield><datafield ind1=" " ind2=" " tag="043"><subfield code="a">n-us-tn</subfield></datafield><datafield ind1="1" ind2="0" tag="050"><subfield code="a">ISSN RECORD</subfield></datafield><datafield ind1="0" ind2="0" tag="082"><subfield code="a">071</subfield><subfield code="2">23</subfield></datafield><datafield ind1=" " ind2="4" tag="222"><subfield code="a">The Rugbeian and district reporter</subfield><subfield code="b">(Online)</subfield></datafield><datafield ind1="0" ind2="4" tag="245"><subfield code="a">The Rugbeian and district reporter.</subfield></datafield><datafield ind1="3" ind2="0" tag="246"><subfield code="a">Rugbeian</subfield></datafield><datafield ind1="3" ind2="0" tag="246"><subfield code="a">District reporter</subfield></datafield><datafield ind1=" " ind2="1" tag="264"><subfield code="a">Rugby, Tenn. :</subfield><subfield code="b">Thomas Fardon,</subfield><subfield code="c">1882-</subfield></datafield><datafield ind1=" " ind2=" " tag="300"><subfield code="a">1 online resource</subfield></datafield><datafield ind1=" " ind2=" " tag="310"><subfield code="a">Weekly</subfield></datafield><datafield ind1=" " ind2=" " tag="336"><subfield code="a">text</subfield><subfield code="b">txt</subfield><subfield code="2">rdacontent</subfield></datafield><datafield ind1=" " ind2=" " tag="337"><subfield code="a">computer</subfield><subfield code="b">c</subfield><subfield code="2">rdamedia</subfield></datafield><datafield ind1=" " ind2=" " tag="338"><subfield code="a">online resource</subfield><subfield code="b">cr</subfield><subfield code="2">rdacarrier</subfield></datafield><datafield ind1="1" ind2=" " tag="362"><subfield code="a">Began with vol. II, no. 55 (October 7, 1882); ceased with vol. III, no. 78 (March 17, 1883).</subfield></datafield><datafield ind1=" " ind2=" " tag="500"><subfield code="a">"Official paper for Morgan, Scott and Fentress Counties.".</subfield></datafield><datafield ind1=" " ind2=" " tag="588"><subfield code="a">Description based on: Vol. II, no. 55 (October 7, 1882); title from masthead (Chroniclingamerica.loc.gov, viewed December 16, 2014).</subfield></datafield><datafield ind1=" " ind2=" " tag="588"><subfield code="a">Latet issue consulted: Vol. III, no. 78 (March 17, 1883) (Chroniclingamerica.loc.gov, viewed December 16, 2014).</subfield></datafield><datafield ind1=" " ind2="0" tag="651"><subfield code="a">Rugby (Tenn.)</subfield><subfield code="v">Newspapers.</subfield></datafield><datafield ind1=" " ind2="0" tag="651"><subfield code="a">Morgan County (Tenn.)</subfield><subfield code="v">Newspapers.</subfield></datafield><datafield ind1=" " ind2="0" tag="651"><subfield code="a">Scott County (Tenn.)</subfield><subfield code="v">Newspapers.</subfield></datafield><datafield ind1=" " ind2="0" tag="651"><subfield code="a">Fentress County (Tenn.)</subfield><subfield code="v">Newspapers.</subfield></datafield><datafield ind1=" " ind2="7" tag="655"><subfield code="a">Newspapers.</subfield><subfield code="2">fast</subfield><subfield code="0">(OCoLC)fst01423814</subfield></datafield><datafield ind1=" " ind2="7" tag="651"><subfield code="a">Tennessee</subfield><subfield code="z">Fentress County.</subfield><subfield code="2">fast</subfield><subfield code="0">(OCoLC)fst01220575</subfield></datafield><datafield ind1=" " ind2="7" tag="651"><subfield code="a">Tennessee</subfield><subfield code="z">Morgan County.</subfield><subfield code="2">fast</subfield><subfield code="0">(OCoLC)fst01228424</subfield></datafield><datafield ind1=" " ind2="7" tag="651"><subfield code="a">Tennessee</subfield><subfield code="z">Rugby.</subfield><subfield code="2">fast</subfield><subfield code="0">(OCoLC)fst01307447</subfield></datafield><datafield ind1=" " ind2="7" tag="651"><subfield code="a">Tennessee</subfield><subfield code="z">Scott County.</subfield><subfield code="2">fast</subfield><subfield code="0">(OCoLC)fst01228425</subfield></datafield><datafield ind1=" " ind2=" " tag="752"><subfield code="a">United States</subfield><subfield code="b">Tennessee</subfield><subfield code="c">Morgan</subfield><subfield code="d">Rugby.</subfield></datafield><datafield ind1=" " ind2=" " tag="752"><subfield code="a">United States</subfield><subfield code="b">Tennessee</subfield><subfield code="c">Scott.</subfield></datafield><datafield ind1=" " ind2=" " tag="752"><subfield code="a">United States</subfield><subfield code="b">Tennessee</subfield><subfield code="c">Fentress.</subfield></datafield><datafield ind1="0" ind2="8" tag="776"><subfield code="i">Originally issued in print:</subfield><subfield code="t">Rugbeian and district reporter</subfield><subfield code="x">2376-6433</subfield><subfield code="w">(DLC)sn 96086912</subfield><subfield code="w">(OCoLC)36124071</subfield></datafield><datafield ind1="0" ind2="0" tag="780"><subfield code="t">Rugbeian (Rugby, Tenn. : 1881)</subfield><subfield code="x">2376-6468</subfield><subfield code="w">(DLC)  2014218846</subfield><subfield code="w">(OCoLC)895039761</subfield></datafield><datafield ind1="0" ind2="0" tag="785"><subfield code="t">Plateau gazette and east Tennessee news</subfield><subfield code="x">2376-6425</subfield><subfield code="w">(DLC)  2014218844</subfield><subfield code="w">(OCoLC)898187868</subfield></datafield><datafield ind1="4" ind2="0" tag="856"><subfield code="u">http://www.loc.gov/chroniclingamerica/lccn/sn96086912/issues</subfield></datafield></record>